@TECHREPORT{Tomasi91detectionand,
    author = {Carlo Tomasi and Takeo Kanade},
    title = {Detection and Tracking of Point Features},
    institution = {International Journal of Computer Vision},
    year = {1991}
}

@ARTICLE{6870486, 
author={J. F. {Henriques} and R. {Caseiro} and P. {Martins} and J. {Batista}}, 
journal={IEEE Transactions on Pattern Analysis and Machine Intelligence}, 
title={High-Speed Tracking with Kernelized Correlation Filters}, 
year={2015}, 
volume={37}, 
number={3}, 
pages={583-596}, 
keywords={Correlation;Kernel;Discrete Fourier transforms;Target tracking;Vectors;Complexity theory;Training;Visual tracking;circulant matrices;discrete Fourier transform;kernel methods;ridge regression;correlation filters}, 
doi={10.1109/TPAMI.2014.2345390}, 
ISSN={0162-8828}, 
month={March},}

@inproceedings{Danelljan:2014:ACA:2679600.2680237,
 author = {Danelljan, Martin and Khan, Fahad Shahbaz and Felsberg, Michael and Weijer, Joost van de},
 title = {Adaptive Color Attributes for Real-Time Visual Tracking},
 booktitle = {Proceedings of the 2014 IEEE Conference on Computer Vision and Pattern Recognition},
 series = {CVPR '14},
 year = {2014},
 isbn = {978-1-4799-5118-5},
 pages = {1090--1097},
 numpages = {8},
 url = {https://doi.org/10.1109/CVPR.2014.143},
 doi = {10.1109/CVPR.2014.143},
 acmid = {2680237},
 publisher = {IEEE Computer Society},
 address = {Washington, DC, USA},
 keywords = {Visual Tracking, Appearance Model, Color Features, Adaptive Dimensionality Reduction},
} 

@inproceedings{Henriques:2012:ECS:2404742.2404795,
 author = {Henriques, Jo\~{a}o F. and Caseiro, Rui and Martins, Pedro and Batista, Jorge},
 title = {Exploiting the Circulant Structure of Tracking-by-detection with Kernels},
 booktitle = {Proceedings of the 12th European Conference on Computer Vision - Volume Part IV},
 series = {ECCV'12},
 year = {2012},
 isbn = {978-3-642-33764-2},
 location = {Florence, Italy},
 pages = {702--715},
 numpages = {14},
 url = {http://dx.doi.org/10.1007/978-3-642-33765-9_50},
 doi = {10.1007/978-3-642-33765-9_50},
 acmid = {2404795},
 publisher = {Springer-Verlag},
 address = {Berlin, Heidelberg},
} 

